@Article{elaine_et_al:14,
  author = {Elaine N. Watanabe AND Pedro P. V. Campos AND Kelly R. Braghetto AND Daniel M. Batista},
  title = {Algoritmos para economia de energia no escalonamento de workflows em nuvens computacionais},
  year = {2014},
  journal = {Anais do Simpósio Brasileiro de Redes de Computadores e Sistemas Distribuídos SBRC 2014}
}
